<?xml version="1.0" encoding="utf-8"?>
<Document xmlns="urn:iso:std:iso:20022:tech:xsd:camt.053.001.02">
<BkToCstmrStmt>
    <GrpHdr>
      <MsgId>camt.053-2011-03-31-001</MsgId>
      <CreDtTm>2011-03-31T17:30:47.0+01:00</CreDtTm>
      <MsgRcpt>
        <Nm>Petr Novotny</Nm>
        <PstlAdr>
          <StrtNm>Dobrovolniku</StrtNm>
          <BldgNb>123</BldgNb>
          <PstCd>12000</PstCd>                    
          <TwnNm>Praha</TwnNm>
          <Ctry>CZ</Ctry>
        </PstlAdr>
        <Id>
          <PrvtId>
            <Othr>
              <Id>Petr Novotny</Id>
            </Othr>
          </PrvtId>
        </Id>
      </MsgRcpt>
      <MsgPgntn>
        <PgNb>1</PgNb>
        <LastPgInd>true</LastPgInd>
      </MsgPgntn>
      <AddtlInf>Mesicni</AddtlInf>
    </GrpHdr>
    <Stmt>
      <Id>CZ5203000000192000145399-2012-03-31</Id>
      <ElctrncSeqNb>1</ElctrncSeqNb>
      <LglSeqNb>1</LglSeqNb>
      <CreDtTm>2011-03-31T17:30:47.0+01:00</CreDtTm>
      <FrToDt>
        <FrDtTm>2011-03-01T06:00:00.0+01:00</FrDtTm>
        <ToDtTm>2011-03-31T17:30:47.0+01:00</ToDtTm>
      </FrToDt>
      <Acct>
        <Id>
          <IBAN>CZ5203000000192000145399</IBAN>
        </Id>
        <Tp>
          <Cd>CASH</Cd>
        </Tp>
        <Ccy>CZK</Ccy>
        <Nm>Petr Novotny - BU</Nm>
        <Ownr>
          <Nm>Petr Novotny</Nm>
          <PstlAdr>
            <StrtNm>Dobrovolniku</StrtNm>
            <BldgNb>123</BldgNb>
            <PstCd>12000</PstCd>
            <TwnNm>Praha 2</TwnNm>
            <Ctry>CZ</Ctry>
          </PstlAdr>
        </Ownr>
        <Svcr>
          <FinInstnId>
            <BIC>CEKOCZPP</BIC>
            <Nm>Ceskoslovenska obchodni Banka, a.s.</Nm>
            <PstlAdr>
              <StrtNm>Radlicka</StrtNm>
              <BldgNb>333</BldgNb>
              <PstCd>15057</PstCd>
              <TwnNm>Praha 5</TwnNm>
              <Ctry>CZ</Ctry>
            </PstlAdr>
            <Othr>
              <Id>0300</Id>
            </Othr>
          </FinInstnId>
        </Svcr>
      </Acct>
      <Bal>
        <Tp>
          <CdOrPrtry>
            <Cd>PRCD</Cd>
          </CdOrPrtry>
        </Tp>
        <Amt Ccy="CZK">100000.00</Amt>
        <CdtDbtInd>CRDT</CdtDbtInd>
        <Dt>
          <Dt>2011-03-31</Dt>
        </Dt>
      </Bal>
      <Bal>
        <Tp>
          <CdOrPrtry>
            <Cd>CLBD</Cd>
          </CdOrPrtry>
        </Tp>
        <Amt Ccy="CZK">104750.00</Amt>
        <CdtDbtInd>CRDT</CdtDbtInd>
        <Dt>
          <Dt>2011-03-31</Dt>
        </Dt>
      </Bal>
      <TxsSummry>
        <TtlNtries>
          <NbOfNtries>10</NbOfNtries>
          <Sum>32150</Sum>
          <TtlNetNtryAmt>4750</TtlNetNtryAmt>
          <CdtDbtInd>CRDT</CdtDbtInd>
        </TtlNtries>
        <TtlCdtNtries>
          <NbOfNtries>5</NbOfNtries>
          <Sum>18450.00</Sum>
        </TtlCdtNtries>
        <TtlDbtNtries>
          <NbOfNtries>5</NbOfNtries>
          <Sum>13700</Sum>
        </TtlDbtNtries>
      </TxsSummry>
      <Ntry>
        <NtryRef>13587</NtryRef>
        <Amt Ccy="CZK">1000.00</Amt>
        <CdtDbtInd>CRDT</CdtDbtInd>
        <RvslInd>false</RvslInd>
        <Sts>BOOK</Sts>
        <BookgDt>
          <Dt>2011-03-01</Dt>
        </BookgDt>
        <ValDt>
          <Dt>2011-03-01</Dt>
        </ValDt>
        <BkTxCd>
          <Prtry>
            <Cd>10000107000</Cd>
            <Issr>CBA</Issr>
          </Prtry>
        </BkTxCd>
        <NtryDtls>
          <TxDtls>
            <Refs>
              <MsgId>123487</MsgId>
            </Refs>
            <BkTxCd>
              <Prtry>
                <Cd>10000107000</Cd>
                <Issr>CBA</Issr>
              </Prtry>
            </BkTxCd>
            <RltdPties>
              <Dbtr>
                <Nm>Jan Novak</Nm>
              </Dbtr>
              <DbtrAcct>
                <Id>
                  <Othr>
                    <Id>0080109999999999</Id>
                  </Othr>
                </Id>
                <Nm>Jan Novak</Nm>
              </DbtrAcct>
            </RltdPties>
            <RltdAgts>
              <DbtrAgt>
                <FinInstnId>
                  <BIC>KOMBCZPP</BIC>
                  <Othr>
                    <Id>0100</Id>
                  </Othr>
                </FinInstnId>
              </DbtrAgt>
            </RltdAgts>
            <RmtInf>
              <Ustrd>DOC. NM1910400032142015 Spotrebni material 0000022294 Tesneni polanka s.r.o.</Ustrd>
              <Strd>
                <CdtrRefInf>
                  <Ref>VS:911911</Ref>
                </CdtrRefInf>
              </Strd>
              <Strd>
                <CdtrRefInf>
                  <Ref>SS:195698665</Ref>
                </CdtrRefInf>
              </Strd>
              <Strd>
                <CdtrRefInf>
                  <Ref>KS:0308</Ref>
                </CdtrRefInf>
              </Strd>
            </RmtInf>
          </TxDtls>
        </NtryDtls>
      </Ntry>
      <Ntry>
        <NtryRef>13588</NtryRef>
        <Amt Ccy="CZK">2000.00</Amt>
        <CdtDbtInd>DBIT</CdtDbtInd>
        <RvslInd>false</RvslInd>
        <Sts>BOOK</Sts>
        <BookgDt>
          <Dt>2011-03-02</Dt>
        </BookgDt>
        <ValDt>
          <Dt>2011-03-02</Dt>
        </ValDt>
        <AcctSvcrRef>8764321</AcctSvcrRef>
        <BkTxCd>
          <Prtry>
            <Cd>10000101002</Cd>
            <Issr>CBA</Issr>
          </Prtry>
        </BkTxCd>
        <AmtDtls>
          <TxAmt>
            <Amt Ccy="CZK">2000.00</Amt>
          </TxAmt>
        </AmtDtls>
        <NtryDtls>
          <Btch>
            <MsgId>10000101002</MsgId>
            <PmtInfId>122487</PmtInfId>
            <NbOfTxs>2</NbOfTxs>
            <TtlAmt Ccy="CZK">2000.00</TtlAmt>
            <CdtDbtInd>DBIT</CdtDbtInd>
          </Btch>
          <TxDtls>
            <Refs>
              <MsgId>1230</MsgId>
              <AcctSvcrRef>8764</AcctSvcrRef>
            </Refs>
            <AmtDtls>
              <TxAmt>
                <Amt Ccy="CZK">1500.00</Amt>
              </TxAmt>
            </AmtDtls>
            <BkTxCd>
              <Prtry>
                <Cd>10000101002</Cd>
                <Issr>CBA</Issr>
              </Prtry>
            </BkTxCd>
            <RltdPties>
              <Cdtr>
                <Nm>Jan Novak</Nm>
              </Cdtr>
              <CdtrAcct>
                <Id>
                  <Othr>
                    <Id>0080109999999999</Id>
                  </Othr>
                </Id>
              </CdtrAcct>
            </RltdPties>
            <RltdAgts>
              <CdtrAgt>
                <FinInstnId>
                  <BIC>KOMBCZPP</BIC>
                  <Othr>
                    <Id>0100</Id>
                  </Othr>
                </FinInstnId>
              </CdtrAgt>
            </RltdAgts>
            <RmtInf>
              <Ustrd>Vyplata</Ustrd>
              <Strd>
                <CdtrRefInf>
                  <Ref>VS:9</Ref>
                </CdtrRefInf>
              </Strd>
              <Strd>
                <CdtrRefInf>
                  <Ref>KS:0308</Ref>
                </CdtrRefInf>
              </Strd>
            </RmtInf>
          </TxDtls>
          <TxDtls>
            <Refs>
              <MsgId>1231</MsgId>
              <AcctSvcrRef>8763</AcctSvcrRef>
            </Refs>
            <AmtDtls>
              <TxAmt>
                <Amt Ccy="CZK">500.00</Amt>
              </TxAmt>
            </AmtDtls>
            <BkTxCd>
              <Prtry>
                <Cd>10000101000</Cd>
                <Issr>CBA</Issr>
              </Prtry>
            </BkTxCd>
            <RltdPties>
              <Cdtr>
                <Nm>Jana Novakova</Nm>
              </Cdtr>
              <CdtrAcct>
                <Id>
                  <Othr>
                    <Id>00801088888888</Id>
                  </Othr>
                </Id>
              </CdtrAcct>
            </RltdPties>
            <RltdAgts>
              <CdtrAgt>
                <FinInstnId>
                  <BIC>KOMBCZPP</BIC>
                  <Othr>
                    <Id>0100</Id>
                  </Othr>
                </FinInstnId>
              </CdtrAgt>
            </RltdAgts>
            <RmtInf>
              <Ustrd>Vyplata</Ustrd>
              <Strd>
                <CdtrRefInf>
                  <Ref>VS:9</Ref>
                </CdtrRefInf>
              </Strd>
              <Strd>
                <CdtrRefInf>
                  <Ref>SS:19</Ref>
                </CdtrRefInf>
              </Strd>
              <Strd>
                <CdtrRefInf>
                  <Ref>KS:0308</Ref>
                </CdtrRefInf>
              </Strd>
            </RmtInf>
          </TxDtls>
        </NtryDtls>
      </Ntry>
      <Ntry>
        <NtryRef>13589</NtryRef>
        <Amt Ccy="CZK">4000.00</Amt>
        <CdtDbtInd>DBIT</CdtDbtInd>
        <RvslInd>false</RvslInd>
        <Sts>BOOK</Sts>
        <BookgDt>
          <Dt>2011-03-03</Dt>
        </BookgDt>
        <ValDt>
          <Dt>2011-03-03</Dt>
        </ValDt>
        <BkTxCd>
          <Prtry>
            <Cd>10000201000</Cd>
            <Issr>CBA</Issr>
          </Prtry>
        </BkTxCd>
        <NtryDtls>
          <TxDtls>
            <Refs>
              <MsgId>1238</MsgId>
              <AcctSvcrRef>8766</AcctSvcrRef>
              <InstrId>PT120</InstrId>
              <EndToEndId>777124566</EndToEndId>
            </Refs>
            <AmtDtls>
              <InstdAmt>
                <Amt Ccy="EUR">200.00</Amt>
              </InstdAmt>
              <CntrValAmt>
                <Amt Ccy="CZK">4000.00</Amt>
                <CcyXchg>
                  <SrcCcy>EUR</SrcCcy>
                  <TrgtCcy>CZK</TrgtCcy>
                  <XchgRate>20.00</XchgRate>
                </CcyXchg>
              </CntrValAmt>
            </AmtDtls>
            <BkTxCd>
              <Prtry>
                <Cd>10000201000</Cd>
                <Issr>CBA</Issr>
              </Prtry>
            </BkTxCd>
            <Chrgs>
              <Amt Ccy="EUR">10.00</Amt>
              <CdtDbtInd>DBIT</CdtDbtInd>
              <Br>DEBT</Br>
            </Chrgs>
            <RltdPties>
              <Cdtr>
                <Nm>Karl Neumann</Nm>
                <PstlAdr>
                  <StrtNm>Ritterstrasse</StrtNm>
                  <BldgNb>132</BldgNb>
                  <PstCd>12000</PstCd>
                  <TwnNm>Berlin</TwnNm>
                  <Ctry>DE</Ctry>
                </PstlAdr>
              </Cdtr>
              <CdtrAcct>
                <Id>
                  <IBAN>DE89370400440532013000</IBAN>
                </Id>
                <Nm>Karl Neumann</Nm>
              </CdtrAcct>
            </RltdPties>
            <RltdAgts>
              <CdtrAgt>
                <FinInstnId>
                  <BIC>AABSDE31</BIC>
                  <Nm>AACHENER BAUSPARKASSE AG</Nm>
                  <PstlAdr>
                    <StrtNm>Theaterstrasse</StrtNm>
                    <BldgNb>20</BldgNb>
                    <PstCd>52062</PstCd>
                    <TwnNm>Aachen</TwnNm>
                    <Ctry>DE</Ctry>
                  </PstlAdr>
                </FinInstnId>
              </CdtrAgt>
            </RltdAgts>
            <RmtInf>
              <Ustrd>Inv.123</Ustrd>
            </RmtInf>
          </TxDtls>
        </NtryDtls>
      </Ntry>
      <Ntry>
        <NtryRef>13590</NtryRef>
        <Amt Ccy="CZK">1500.00</Amt>
        <CdtDbtInd>CRDT</CdtDbtInd>
        <RvslInd>false</RvslInd>
        <Sts>BOOK</Sts>
        <BookgDt>
          <Dt>2011-03-04</Dt>
        </BookgDt>
        <ValDt>
          <Dt>2011-03-04</Dt>
        </ValDt>
        <BkTxCd>
          <Prtry>
            <Cd>10000403000</Cd>
            <Issr>CBA</Issr>
          </Prtry>
        </BkTxCd>
        <NtryDtls>
          <TxDtls>
            <Refs>
              <MsgId>12398876</MsgId>
              <AcctSvcrRef>8760</AcctSvcrRef>
              <InstrId>MCCT110620000001</InstrId>
              <EndToEndId>E2EC110620000001</EndToEndId>
            </Refs>
            <AmtDtls>
              <InstdAmt>
                <Amt Ccy="EUR">75.00</Amt>
              </InstdAmt>
              <CntrValAmt>
                <Amt Ccy="CZK">1500.00</Amt>
                <CcyXchg>
                  <SrcCcy>EUR</SrcCcy>
                  <TrgtCcy>CZK</TrgtCcy>
                  <XchgRate>20.00</XchgRate>
                </CcyXchg>
              </CntrValAmt>
            </AmtDtls>
            <BkTxCd>
              <Prtry>
                <Cd>10000403000</Cd>
                <Issr>CBA</Issr>
              </Prtry>
            </BkTxCd>
            <RltdPties>
              <Dbtr>
                <Nm>Karl Neumann</Nm>
                <PstlAdr>
                  <StrtNm>Ritterstrasse</StrtNm>
                  <BldgNb>132</BldgNb>
                  <PstCd>12000</PstCd>
                  <TwnNm>Berlin</TwnNm>
                  <Ctry>DE</Ctry>
                </PstlAdr>
                <Id>
                  <PrvtId>
                    <Othr>
                      <Id>987456123654</Id>
                      <SchmeNm>
                        <Cd>DRLC</Cd>
                      </SchmeNm>
                    </Othr>
                  </PrvtId>
                </Id>
              </Dbtr>
              <DbtrAcct>
                <Id>
                  <IBAN>DE89370400440532013000</IBAN>
                </Id>
                <Nm>Karl Neumann</Nm>
              </DbtrAcct>
            </RltdPties>
            <RltdAgts>
              <DbtrAgt>
                <FinInstnId>
                  <BIC>AABSDE31</BIC>
                  <Nm>AACHENER BAUSPARKASSE AG</Nm>
                  <PstlAdr>
                    <StrtNm>Theaterstrasse</StrtNm>
                    <BldgNb>20</BldgNb>
                    <PstCd>52062</PstCd>
                    <TwnNm>Aachen</TwnNm>
                    <Ctry>DE</Ctry>
                  </PstlAdr>
                </FinInstnId>
              </DbtrAgt>
            </RltdAgts>
            <Purp>
              <Cd>ADVA</Cd>
            </Purp>
            <RmtInf>
              <Ustrd>Invoice 21</Ustrd>
              <Strd>
                <CdtrRefInf>
                  <Tp>
                    <CdOrPrtry>
                      <Cd>SCOR</Cd>
                    </CdOrPrtry>
                  </Tp>
                </CdtrRefInf>
              </Strd>
            </RmtInf>
          </TxDtls>
        </NtryDtls>
      </Ntry>
      <Ntry>
        <NtryRef>13591</NtryRef>
        <Amt Ccy="CZK">4500.00</Amt>
        <CdtDbtInd>DBIT</CdtDbtInd>
        <RvslInd>false</RvslInd>
        <Sts>BOOK</Sts>
        <BookgDt>
          <Dt>2011-03-04</Dt>
        </BookgDt>
        <ValDt>
          <Dt>2011-03-04</Dt>
        </ValDt>
        <BkTxCd>
          <Prtry>
            <Cd>10000501000</Cd>
            <Issr>CBA</Issr>
          </Prtry>
        </BkTxCd>
        <NtryDtls>
          <TxDtls>
            <Refs>
              <MsgId>45678</MsgId>
              <AcctSvcrRef>98765</AcctSvcrRef>
              <InstrId>MCDD110620000001</InstrId>
              <EndToEndId>E2EC110620000002</EndToEndId>
              <MndtId>8567464534</MndtId>
            </Refs>
            <AmtDtls>
              <InstdAmt>
                <Amt Ccy="EUR">225.00</Amt>
              </InstdAmt>
              <CntrValAmt>
                <Amt Ccy="CZK">4500.00</Amt>
                <CcyXchg>
                  <SrcCcy>EUR</SrcCcy>
                  <TrgtCcy>CZK</TrgtCcy>
                  <XchgRate>20.00</XchgRate>
                </CcyXchg>
              </CntrValAmt>
            </AmtDtls>
            <BkTxCd>
              <Prtry>
                <Cd>10000501000</Cd>
                <Issr>CBA</Issr>
              </Prtry>
            </BkTxCd>
            <RltdPties>
              <Cdtr>
                <Nm>Domy s.r.o.</Nm>
                <PstlAdr>
                  <AdrLine>Baranova 58</AdrLine>
                  <AdrLine>13000 Praha CZ</AdrLine>
                </PstlAdr>
                <Id>
                  <OrgId>
                    <Othr>
                      <Id>CZ15ZZZ98765</Id>
                    </Othr>
                  </OrgId>
                </Id>
              </Cdtr>
              <CdtrAcct>
                <Id>
                  <IBAN>CZ7027000000000145254386</IBAN>
                </Id>
                <Nm>Domy s.r.o.</Nm>
              </CdtrAcct>
            </RltdPties>
            <RltdAgts>
              <CdtrAgt>
                <FinInstnId>
                  <BIC>BACXCZPP</BIC>
                </FinInstnId>
              </CdtrAgt>
            </RltdAgts>
            <Purp>
              <Cd>RENT</Cd>
            </Purp>
            <RmtInf>
              <Ustrd>pronajem</Ustrd>
            </RmtInf>
          </TxDtls>
        </NtryDtls>
      </Ntry>
      <Ntry>
        <NtryRef>13592</NtryRef>
        <Amt Ccy="CZK">15000.00</Amt>
        <CdtDbtInd>CRDT</CdtDbtInd>
        <RvslInd>false</RvslInd>
        <Sts>BOOK</Sts>
        <BookgDt>
          <Dt>2011-03-05</Dt>
        </BookgDt>
        <ValDt>
          <Dt>2011-03-05</Dt>
        </ValDt>
        <BkTxCd>
          <Prtry>
            <Cd>20000101000</Cd>
            <Issr>CBA</Issr>
          </Prtry>
        </BkTxCd>
        <NtryDtls>
          <TxDtls>
            <Refs>
              <MsgId>1238</MsgId>
              <AcctSvcrRef>8715</AcctSvcrRef>
            </Refs>
            <BkTxCd>
              <Prtry>
                <Cd>20000101000</Cd>
                <Issr>CBA</Issr>
              </Prtry>
            </BkTxCd>
            <RmtInf>
              <Ustrd>Vklad Richter</Ustrd>
              <Strd>
                <CdtrRefInf>
                  <Ref>VS:9</Ref>
                </CdtrRefInf>
              </Strd>
              <Strd>
                <CdtrRefInf>
                  <Ref>SS:19</Ref>
                </CdtrRefInf>
              </Strd>
              <Strd>
                <CdtrRefInf>
                  <Ref>KS:0308</Ref>
                </CdtrRefInf>
              </Strd>
            </RmtInf>
          </TxDtls>
        </NtryDtls>
      </Ntry>
      <Ntry>
        <NtryRef>13593</NtryRef>
        <Amt Ccy="CZK">3000.00</Amt>
        <CdtDbtInd>DBIT</CdtDbtInd>
        <RvslInd>false</RvslInd>
        <Sts>BOOK</Sts>
        <BookgDt>
          <Dt>2011-03-06</Dt>
        </BookgDt>
        <ValDt>
          <DtTm>2011-03-06T17:30:47.0+01:00</DtTm>
        </ValDt>
        <BkTxCd>
          <Prtry>
            <Cd>30000101000</Cd>
            <Issr>CBA</Issr>
          </Prtry>
        </BkTxCd>
        <NtryDtls>
          <TxDtls>
            <Refs>
              <MsgId>11256</MsgId>
              <AcctSvcrRef>8716</AcctSvcrRef>
              <ChqNb>xxxxxxxxxxxx1144</ChqNb>
              <ClrSysRef>VISA</ClrSysRef>
            </Refs>
            <BkTxCd>
              <Prtry>
                <Cd>30000101000</Cd>
                <Issr>CBA</Issr>
              </Prtry>
            </BkTxCd>
            <RltdPties>
              <Cdtr>
                <Nm>ATM Narodni trida</Nm>
                <PstlAdr>
                  <StrtNm>Narodni trida</StrtNm>
                  <BldgNb>12</BldgNb>
                  <PstCd>11000</PstCd>
                  <TwnNm>Praha 1</TwnNm>
                  <Ctry>CZ</Ctry>
                </PstlAdr>
              </Cdtr>
              <Prtry>
                <Tp>vlastni bankomat</Tp>
                <Pty>
                  <Nm>ATM Narodni trida</Nm>
                </Pty>
              </Prtry>
            </RltdPties>
            <RmtInf>
              <Ustrd>vyber z bankomatu</Ustrd>
            </RmtInf>
          </TxDtls>
        </NtryDtls>
      </Ntry>
      <Ntry>
        <NtryRef>13594</NtryRef>
        <Amt Ccy="CZK">200.00</Amt>
        <CdtDbtInd>DBIT</CdtDbtInd>
        <RvslInd>false</RvslInd>
        <Sts>BOOK</Sts>
        <BookgDt>
          <Dt>2011-03-07</Dt>
        </BookgDt>
        <BkTxCd>
          <Prtry>
            <Cd>40000201000</Cd>
            <Issr>CBA</Issr>
          </Prtry>
        </BkTxCd>
        <NtryDtls>
          <TxDtls>
            <Refs>
              <AcctSvcrRef>8717</AcctSvcrRef>
            </Refs>
            <BkTxCd>
              <Prtry>
                <Cd>40000201000</Cd>
                <Issr>CBA</Issr>
              </Prtry>
            </BkTxCd>
            <RmtInf>
              <Ustrd>Poplatek za zahr.platbu ref.13589</Ustrd>
            </RmtInf>
          </TxDtls>
        </NtryDtls>
      </Ntry>
      <Ntry>
        <NtryRef>13595</NtryRef>
        <Amt Ccy="CZK">150.00</Amt>
        <CdtDbtInd>CRDT</CdtDbtInd>
        <RvslInd>false</RvslInd>
        <Sts>BOOK</Sts>
        <BookgDt>
          <Dt>2011-03-01</Dt>
        </BookgDt>
        <ValDt>
          <Dt>2011-03-01</Dt>
        </ValDt>
        <BkTxCd>
          <Prtry>
            <Cd>90000200000</Cd>
            <Issr>CBA</Issr>
          </Prtry>
        </BkTxCd>
        <NtryDtls>
          <TxDtls>
            <Refs>
              <AcctSvcrRef>8718</AcctSvcrRef>
            </Refs>
            <BkTxCd>
              <Prtry>
                <Cd>90000200000</Cd>
                <Issr>CBA</Issr>
              </Prtry>
            </BkTxCd>
            <RmtInf>
              <Ustrd>urok unor</Ustrd>
            </RmtInf>
          </TxDtls>
        </NtryDtls>
      </Ntry>
      <Ntry>
        <NtryRef>13596</NtryRef>
        <Amt Ccy="CZK">800.00</Amt>
        <CdtDbtInd>CRDT</CdtDbtInd>
        <RvslInd>true</RvslInd>
        <Sts>BOOK</Sts>
        <BookgDt>
          <Dt>2011-03-09</Dt>
        </BookgDt>
        <ValDt>
          <Dt>2011-03-09</Dt>
        </ValDt>
        <BkTxCd>
          <Prtry>
            <Cd>10000101000</Cd>
            <Issr>CBA</Issr>
          </Prtry>
        </BkTxCd>
        <NtryDtls>
          <TxDtls>
            <Refs>
              <AcctSvcrRef>8719</AcctSvcrRef>
            </Refs>
            <BkTxCd>
              <Prtry>
                <Cd>10000101000</Cd>
                <Issr>CBA</Issr>
              </Prtry>
            </BkTxCd>
            <RltdPties>
              <Cdtr>
                <Nm>Jan Novak</Nm>
              </Cdtr>
              <CdtrAcct>
                <Id>
                  <Othr>
                    <Id>0080109999999999</Id>
                  </Othr>
                </Id>
              </CdtrAcct>
            </RltdPties>
            <RltdAgts>
              <CdtrAgt>
                <FinInstnId>
                  <BIC>KOMBCZPP</BIC>
                  <Othr>
                    <Id>0100</Id>
                  </Othr>
                </FinInstnId>
              </CdtrAgt>
            </RltdAgts>
            <RmtInf>
              <Ustrd>Faktura 12</Ustrd>
            </RmtInf>
          </TxDtls>
        </NtryDtls>
      </Ntry>
    </Stmt>
  </BkToCstmrStmt>
</Document>